@inproceedings{Powercrust,
 author = {Amenta, Nina and Choi, Sunghee and Kolluri, Ravi Krishna},
 title = {The Power Crust},
 booktitle = {Proceedings of the Sixth ACM Symposium on Solid Modeling and Applications},
 series = {SMA '01},
 year = {2001},
 isbn = {1-58113-366-9},
 location = {Ann Arbor, Michigan, USA},
 pages = {249--266},
 numpages = {18},
 url = {http://doi.acm.org/10.1145/376957.376986},
 doi = {10.1145/376957.376986},
 acmid = {376986},
 publisher = {ACM},
 address = {New York, NY, USA},
} 

@inproceedings{Cocone,
 author = {Amenta, N. and Choi, S. and Dey, T. K. and Leekha, N.},
 title = {A Simple Algorithm for Homeomorphic Surface Reconstruction},
 booktitle = {Proceedings of the Sixteenth Annual Symposium on Computational Geometry},
 series = {SCG '00},
 year = {2000},
 isbn = {1-58113-224-7},
 location = {Clear Water Bay, Kowloon, Hong Kong},
 pages = {213--222},
 numpages = {10},
 url = {http://doi.acm.org/10.1145/336154.336207},
 doi = {10.1145/336154.336207},
 acmid = {336207},
 publisher = {ACM},
 address = {New York, NY, USA},
}

@inproceedings{Tightcocone,
 author = {Dey, Tamal K. and Goswami, Samrat},
 title = {Tight Cocone: A Water-tight Surface Reconstructor},
 booktitle = {Proceedings of the Eighth ACM Symposium on Solid Modeling and Applications},
 series = {SM '03},
 year = {2003},
 isbn = {1-58113-706-0},
 location = {Seattle, Washington, USA},
 pages = {127--134},
 numpages = {8},
 url = {http://doi.acm.org/10.1145/781606.781627},
 doi = {10.1145/781606.781627},
 acmid = {781627},
 publisher = {ACM},
 address = {New York, NY, USA},
 keywords = {Voronoi diagram, delaunay triangulation, point cloud, surface reconstruction},
} 

@article{BPA,
 author = {Bernardini, Fausto and Mittleman, Joshua and Rushmeier, Holly and Silva, Cl\'{a}udio and Taubin, Gabriel},
 title = {The Ball-Pivoting Algorithm for Surface Reconstruction},
 journal = {IEEE Transactions on Visualization and Computer Graphics},
 issue_date = {October 1999},
 volume = {5},
 number = {4},
 month = oct,
 year = {1999},
 issn = {1077-2626},
 pages = {349--359},
 numpages = {11},
 url = {http://dx.doi.org/10.1109/2945.817351},
 doi = {10.1109/2945.817351},
 acmid = {614442},
 publisher = {IEEE Educational Activities Department},
 address = {Piscataway, NJ, USA},
 keywords = {3D scanning, shape reconstruction, point cloud, range image.},
} 

@inproceedings{PCL1,
 author = {Marton, Zoltan Csaba and Rusu, Radu Bogdan and Beetz, Michael},
 title = {On Fast Surface Reconstruction Methods for Large and Noisy Point Clouds},
 booktitle = {Proceedings of the 2009 IEEE International Conference on Robotics and Automation},
 series = {ICRA'09},
 year = {2009},
 isbn = {978-1-4244-2788-8},
 location = {Kobe, Japan},
 pages = {2829--2834},
 numpages = {6},
 url = {http://dl.acm.org/citation.cfm?id=1703775.1703907},
 acmid = {1703907},
 publisher = {IEEE Press},
 address = {Piscataway, NJ, USA},
}

@InProceedings{PCL2,
  author = {M. Gopi and S. Krishnan},
  title = {A Fast and Efficient Projection Based Approach for Surface Reconstruction},
  booktitle = {proceedings of the $15^{th}$ Brazilian Symposium on Computer Graphics and Image Processing},
  pages = {179--186},
  year = {2002},
  OPTeditor = {},
  OPTvolume = {},
  OPTseries = {SIBGRAPI},
  address =	{Fortaleza-CE, Brazil},
  month = {October},
  OPTorganization = {},
  OPTpublisher = {IEEE/CS},
  OPTnote = {},
  OPTannote = {}
}

@inproceedings{Poisson,
 author = {Kazhdan, Michael and Bolitho, Matthew and Hoppe, Hugues},
 title = {Poisson Surface Reconstruction},
 booktitle = {Proceedings of the Fourth Eurographics Symposium on Geometry Processing},
 series = {SGP '06},
 year = {2006},
 isbn = {3-905673-36-3},
 location = {Cagliari, Sardinia, Italy},
 pages = {61--70},
 numpages = {10},
 url = {http://dl.acm.org/citation.cfm?id=1281957.1281965},
 acmid = {1281965},
 publisher = {Eurographics Association},
 address = {Aire-la-Ville, Switzerland, Switzerland},
}

@inproceedings{RBF1,
 author = {Carr, J. C. and Beatson, R. K. and Cherrie, J. B. and Mitchell, T. J. and Fright, W. R. and McCallum, B. C. and Evans, T. R.},
 title = {Reconstruction and Representation of 3D Objects with Radial Basis Functions},
 booktitle = {Proceedings of the 28th Annual Conference on Computer Graphics and Interactive Techniques},
 series = {SIGGRAPH '01},
 year = {2001},
 isbn = {1-58113-374-X},
 pages = {67--76},
 numpages = {10},
 url = {http://doi.acm.org/10.1145/383259.383266},
 doi = {10.1145/383259.383266},
 acmid = {383266},
 publisher = {ACM},
 address = {New York, NY, USA},
 keywords = {RBF, Radial Basis Function, geometry compression, mesh repair, point-cloud surfacing, solid modeling, surface reconstruction, variational implicit surfaces},
} 

@inproceedings{RBF2,
 author = {Carr, J. C. and Beatson, R. K. and McCallum, B. C. and Fright, W. R. and McLennan, T. J. and Mitchell, T. J.},
 title = {Smooth Surface Reconstruction from Noisy Range Data},
 booktitle = {Proceedings of the 1st International Conference on Computer Graphics and Interactive Techniques in Australasia and South East Asia},
 series = {GRAPHITE '03},
 year = {2003},
 isbn = {1-58113-578-5},
 location = {Melbourne, Australia},
 pages = {119--ff},
 url = {http://doi.acm.org/10.1145/604471.604495},
 doi = {10.1145/604471.604495},
 acmid = {604495},
 publisher = {ACM},
 address = {New York, NY, USA},
 keywords = {anti-aliasing, low pass filtering, noise reduction, point-cloud surfacing, radial basis functions, spline smoothing, surface reconstruction},
} 

@inproceedings{LSM1,
 author = {Zhao, Hong-Kai and Osher, Stanley and Fedkiw, Ronald},
 title = {Fast Surface Reconstruction Using the Level Set Method},
 booktitle = {Proceedings of the IEEE Workshop on Variational and Level Set Methods (VLSM'01)},
 series = {VLSM '01},
 year = {2001},
 isbn = {0-7695-1278-X},
 pages = {194--},
 url = {http://dl.acm.org/citation.cfm?id=832286.835639},
 acmid = {835639},
 publisher = {IEEE Computer Society},
 address = {Washington, DC, USA},
 keywords = {implicit surface, partial differential equations, variational formulation, convection, minimal surface.},
} 

@ARTICLE{LSM2,
    author = {Hong-kai Zhao and Stanley Osher and Barry Merriman and Myungjoo Kang},
    title = {Implicit, Nonparametric Shape Reconstruction from Unorganized Points Using A Variational Level Set Method},
    journal = {Computer Vision and Image Understanding},
    year = {1998},
    volume = {80},
    pages = {295--319}
}

@inproceedings{MCA,
 author = {Lorensen, William E. and Cline, Harvey E.},
 title = {Marching Cubes: A High Resolution 3D Surface Construction Algorithm},
 booktitle = {Proceedings of the 14th Annual Conference on Computer Graphics and Interactive Techniques},
 series = {SIGGRAPH '87},
 year = {1987},
 isbn = {0-89791-227-6},
 pages = {163--169},
 numpages = {7},
 url = {http://doi.acm.org/10.1145/37401.37422},
 doi = {10.1145/37401.37422},
 acmid = {37422},
 publisher = {ACM},
 address = {New York, NY, USA},
}
